<?xml version="1.0" encoding="UTF-8"?><collection xmlns="http://www.loc.gov/MARC21/slim"><record><leader>00366nam--2200133-i-4500</leader><controlfield tag="001">000028520</controlfield><controlfield tag="002">20161230</controlfield><controlfield tag="005">20161230201037</controlfield><controlfield tag="008">060222s1000------------r-----000-0-eng-d</controlfield><datafield ind1=" " ind2=" " tag="080"><subfield code="a">621.395</subfield></datafield><datafield ind1=" " ind2=" " tag="100"><subfield code="a">Langer, Max</subfield></datafield><datafield ind1=" " ind2=" " tag="245"><subfield code="a">Studien uber aufgaben der fernsprechtechnik. band i. ortsverkehr. mit 205 bildern</subfield></datafield><datafield ind1=" " ind2=" " tag="260"><subfield code="a">Berlin, Verlag Technik, 1951</subfield></datafield><datafield ind1=" " ind2=" " tag="852"><subfield code="a">76363</subfield></datafield></record></collection>